<record><leader>00000cas a2200000 a 4500</leader><controlfield tag="001">18176254</controlfield><controlfield tag="008">880706c18979999nbuwr ne      0   a0eng d</controlfield><datafield ind1=" " ind2=" " tag="010"><subfield code="a">sn 88002797 </subfield></datafield><datafield ind1=" " ind2=" " tag="040"><subfield code="a">NSD</subfield><subfield code="b">eng</subfield><subfield code="c">NSD</subfield><subfield code="d">NVG</subfield><subfield code="d">OCLCQ</subfield><subfield code="d">OCLCF</subfield><subfield code="d">OCLCO</subfield></datafield><datafield ind1=" " ind2=" " tag="012"><subfield code="m">1</subfield></datafield><datafield ind1="1" ind2=" " tag="022"><subfield code="a">0899-6628</subfield><subfield code="l">0899-6628</subfield><subfield code="2">1</subfield></datafield><datafield ind1="1" ind2=" " tag="029"><subfield code="a">AU@</subfield><subfield code="b">000020529932</subfield></datafield><datafield ind1=" " ind2=" " tag="032"><subfield code="a">468020</subfield><subfield code="b">USPS</subfield></datafield><datafield ind1=" " ind2=" " tag="037"><subfield code="b">Rock County Leader, Inc., P.O. Box 488, Bassett, NE 68714</subfield></datafield><datafield ind1=" " ind2=" " tag="042"><subfield code="a">nsdp</subfield></datafield><datafield ind1=" " ind2=" " tag="043"><subfield code="a">n-us-nb</subfield></datafield><datafield ind1=" " ind2="0" tag="222"><subfield code="a">Rock County leader Inc.</subfield></datafield><datafield ind1="0" ind2="0" tag="245"><subfield code="a">Rock County leader.</subfield></datafield><datafield ind1=" " ind2=" " tag="260"><subfield code="a">Bassett, Neb. :</subfield><subfield code="b">H.W. Conley,</subfield><subfield code="c">1897-</subfield></datafield><datafield ind1=" " ind2=" " tag="300"><subfield code="a">v.</subfield></datafield><datafield ind1=" " ind2=" " tag="310"><subfield code="a">Weekly</subfield></datafield><datafield ind1="0" ind2=" " tag="362"><subfield code="a">Vol. 1, no. 1 (Dec. 3, 1897)-</subfield></datafield><datafield ind1=" " ind2="0" tag="651"><subfield code="a">Rock County (Neb.)</subfield><subfield code="v">Newspapers.</subfield></datafield><datafield ind1=" " ind2="7" tag="655"><subfield code="a">Newspapers.</subfield><subfield code="2">fast</subfield><subfield code="0">(OCoLC)fst01423814</subfield></datafield><datafield ind1=" " ind2="7" tag="651"><subfield code="a">Nebraska</subfield><subfield code="z">Rock County.</subfield><subfield code="2">fast</subfield><subfield code="0">(OCoLC)fst01232306</subfield></datafield><datafield ind1=" " ind2=" " tag="752"><subfield code="a">United States.</subfield><subfield code="b">Nebraska.</subfield><subfield code="c">Rock</subfield><subfield code="d">Bassett.</subfield></datafield></record>